% Encoding: UTF-8

@Article{smithEtAl02,
  author  = {Smith, A. C. and Doe, J. and Public, J. Q.},
  journal = {The Journal of No Science At All},
  title   = {The futility of everything},
  year    = {2002},
  number  = {5},
  pages   = {56--57},
  volume  = {8},
}

@Article{einstien23,
  author  = {Einstein},
  journal = {Fakeologia},
  title   = {Why I was wrong about relativity},
  year    = {2023},
  number  = {1},
  pages   = {1--589},
  volume  = {1},
}

@Article{archEtAl21,
  author  = {Archmiller, J. and Johnson, D. and Smith, B.},
  journal = {Journal of Wildlife Management},
  title   = {Computational Reproducibility in The WildlifeSociety's Flagship Journals},
  year    = {2021},
  number  = {5},
  pages   = {14--25},
  volume  = {2},
}

@Comment{jabref-meta: databaseType:bibtex;}
